@inproceedings{utsumi1995interpret,
  title={How to interpret irony by computer: A comprehensive framework for irony},
  author={Utsumi, Akira},
  booktitle={Proceedings of the International Conference “Recent Advances in NLP},
  pages={315--321},
  year={1995}
}

@inproceedings{utsumi1996unified,
  title={A unified theory of irony and its computational formalization},
  author={Utsumi, Akira},
  booktitle={Proceedings of the 16th conference on Computational linguistics-Volume 2},
  pages={962--967},
  year={1996},
  organization={Association for Computational Linguistics}
}

@inproceedings{davidov2010semi,
  title={Semi-supervised recognition of sarcastic sentences in twitter and amazon},
  author={Davidov, Dmitry and Tsur, Oren and Rappoport, Ari},
  booktitle={Proceedings of the fourteenth conference on computational natural language learning},
  pages={107--116},
  year={2010},
  organization={Association for Computational Linguistics}
}
@article{reyes2012making,
  title={Making objective decisions from subjective data: Detecting irony in customer reviews},
  author={Reyes, Antonio and Rosso, Paolo},
  journal={Decision Support Systems},
  volume={53},
  number={4},
  pages={754--760},
  year={2012},
  publisher={Elsevier}
}

@inproceedings{kong2011formalization,
  title={Formalization and Rules for Recognition of Satirical Irony},
  author={Kong, Lingpeng and Qiu, Likun},
  booktitle={Asian Language Processing (IALP), 2011 International Conference on},
  pages={135--138},
  year={2011},
  organization={IEEE}
}

@inproceedings{filatova2012irony,
  title={Irony and Sarcasm: Corpus Generation and Analysis Using Crowdsourcing.},
  author={Filatova, Elena},
  booktitle={LREC},
  pages={392--398},
  year={2012},
  organization={Citeseer}
}

@article{liebrecht2013perfect,
  title={The perfect solution for detecting sarcasm in tweets\# not},
  author={Liebrecht, CC and Kunneman, FA and van Den Bosch, APJ},
  year={2013},
  publisher={New Brunswick, NJ: ACL},
  journal={Proceedings of the 4th Workshop on Computational Approaches to Subjectivity, Sentiment and Social Media Analysis}
}

@inproceedings{wallace2014humans,
  title={Humans require context to infer ironic intent (so computers probably do, too)},
  author={Wallace, Byron C and Kertz, Laura and Charniak, Eugene and others},
  booktitle={Proceedings of the 52nd Annual Meeting of the Association for Computational Linguistics (Volume 2: Short Papers)},
  volume={2},
  pages={512--516},
  year={2014}
}

@inproceedings{maynard2014cares,
  title={Who cares about sarcastic tweets? investigating the impact of sarcasm on sentiment analysis},
  author={Maynard, DG and Greenwood, Mark A},
  booktitle={LREC 2014 Proceedings},
  year={2014},
  organization={ELRA}
}

@inproceedings{barbieri2014italian,
  title={Italian irony detection in twitter: a first approach},
  author={Barbieri, Francesco and Ronzano, Francesco and Saggion, Horacio},
  booktitle={The First Italian Conference on Computational Linguistics CLiC-it},
  pages={28},
  year={2014}
}

@inproceedings{charalampakis2015detecting,
  title={Detecting irony on greek political tweets: A text mining approach},
  author={Charalampakis, Basilis and Spathis, Dimitris and Kouslis, Elias and Kermanidis, Katia},
  booktitle={Proceedings of the 16th International Conference on Engineering Applications of Neural Networks (INNS)},
  pages={17},
  year={2015},
  organization={ACM}
}
 
 @article{bamman2015contextualized,
  title={Contextualized Sarcasm Detection on Twitter.},
  author={Bamman, David and Smith, Noah A},
  journal={ICWSM},
  volume={2},
  pages={15},
  year={2015}
}

@inproceedings{wallace2015sparse,
  title={Sparse, contextually informed models for irony detection: Exploiting user communities, entities and sentiment},
  author={Wallace, Byron C and Charniak, Eugene and others},
  booktitle={Proceedings of the 53rd Annual Meeting of the Association for Computational Linguistics and the 7th International Joint Conference on Natural Language Processing (Volume 1: Long Papers)},
  volume={1},
  pages={1035--1044},
  year={2015}
}

@inproceedings{barbieri2014automatic,
  title={Automatic Detection of Irony and Humour in Twitter.},
  author={Barbieri, Francesco and Saggion, Horacio},
  booktitle={ICCC},
  pages={155--162},
  year={2014}
}

@article{nafis2015improved,
  title={An improved method for detection of satire from user-generated content},
  author={Nafis, Syed Taha Owais1 Prof Tabrez and Khanna, Seema},
  year={2015},
  journal={International Journal of Computer Science and Information Technologies, Vol. 6}
}

@article{goldberg2016primer,
  title={A primer on neural network models for natural language processing},
  author={Goldberg, Yoav},
  journal={Journal of Artificial Intelligence Research},
  volume={57},
  pages={345--420},
  year={2016}
}

@article{joshi2017automatic,
  title={Automatic sarcasm detection: A survey},
  author={Joshi, Aditya and Bhattacharyya, Pushpak and Carman, Mark J},
  journal={ACM Computing Surveys (CSUR)},
  volume={50},
  number={5},
  pages={73},
  year={2017},
  publisher={ACM}
}

@inproceedings{nozza2016unsupervised,
  title={Unsupervised Irony Detection: A Probabilistic Model with Word Embeddings.},
  author={Nozza, Debora and Fersini, Elisabetta and Messina, Enza},
  booktitle={KDIR},
  pages={68--76},
  year={2016}
}

@article{lopez2016character,
  title={Character and word baselines systems for irony detection in Spanish short texts},
  author={Jasso, Gabriela  L{\'o}pez and Meza, Iv{\'a}n  Ruiz},
  journal={Procesamiento del Lenguaje Natural},
  volume={56},
  pages={41--48},
  year={2016}
}

@inproceedings{liu2007low,
  title={Low-quality product review detection in opinion summarization},
  author={Liu, Jingjing and Cao, Yunbo and Lin, Chin-Yew and Huang, Yalou and Zhou, Ming},
  booktitle={Proceedings of the 2007 Joint Conference on Empirical Methods in Natural Language Processing and Computational Natural Language Learning (EMNLP-CoNLL)},
  year={2007}
}


@article{poria2016deeper,
  title={A deeper look into sarcastic tweets using deep convolutional neural networks},
  author={Poria, Soujanya and Cambria, Erik and Hazarika, Devamanyu and Vij, Prateek},
  journal={arXiv preprint arXiv:1610.08815},
  year={2016}
}

@article{karoui2017soukhria,
  title={SOUKHRIA: Towards an Irony Detection System for Arabic in Social Media},
  author={Karoui, Jihen and Zitoune, Farah Banamara and Moriceau, Veronique},
  journal={Procedia Computer Science},
  volume={117},
  pages={161--168},
  year={2017},
  publisher={Elsevier}
}

@article{fawcett2006introduction,
  title={An introduction to ROC analysis},
  author={Fawcett, Tom},
  journal={Pattern recognition letters},
  volume={27},
  number={8},
  pages={861--874},
  year={2006},
  publisher={Elsevier}
}

@inproceedings{frenda2017ironic,
  title={Ironic gestures and tones in twitter},
  author={Frenda, Simona},
  booktitle={4th Italian Conference on Computational Linguistics, CLiC-it 2017},
  volume={2006},
  pages={1--6},
  year={2017},
  organization={CEUR-WS}
}

@inproceedings{huang2018disambiguating,
  title={Disambiguating false-alarm hashtag usages in tweets for irony detection},
  author={Huang, Hen-Hsen and Chen, Chiao-Chen and Chen, Hsin-Hsi},
  booktitle={Proceedings of the 56th Annual Meeting of the Association for Computational Linguistics (Volume 2: Short Papers)},
  volume={2},
  pages={771--777},
  year={2018}
}

@misc{Sergio2012,
     title={Borges incorregible: sus frases más irónicas}, url={https://www.eltribuno.com/salta/nota/2012-6-24-19-20-0-borges-incorregible-sus-frases-mas-ironicas}, journal={El Tribuno}, author={Sergio Romero}, year={2012}, month={Junio}}
     
@article{mitra1995fuzzy,
  title={Fuzzy multi-layer perceptron, inferencing and rule generation},
  author={Mitra, Sushmita and Pal, Sankar K},
  journal={IEEE Transactions on Neural Networks},
  volume={6},
  number={1},
  pages={51--63},
  year={1995},
  publisher={IEEE}
}

@article{kotsiantis2007supervised,
  title={Supervised machine learning: A review of classification techniques},
  author={Kotsiantis, Sotiris B and Zaharakis, I and Pintelas, P},
  journal={Emerging artificial intelligence applications in computer engineering},
  volume={160},
  pages={3--24},
  year={2007}
}

@inproceedings{ptavcek2014sarcasm,
  title={Sarcasm detection on czech and english twitter},
  author={Pt{\'a}{\v{c}}ek, Tom{\'a}{\v{s}} and Habernal, Ivan and Hong, Jun},
  booktitle={Proceedings of COLING 2014, the 25th International Conference on Computational Linguistics: Technical Papers},
  pages={213--223},
  year={2014}
}

@article{domingos2012few,
  title={A few useful things to know about machine learning},
  author={Domingos, Pedro},
  journal={Communications of the ACM},
  volume={55},
  number={10},
  pages={78--87},
  year={2012},
  publisher={ACM}
}

@article{mcculloch1943logical,
  title={A logical calculus of the ideas immanent in nervous activity},
  author={McCulloch, Warren S and Pitts, Walter},
  journal={The bulletin of mathematical biophysics},
  volume={5},
  number={4},
  pages={115--133},
  year={1943},
  publisher={Springer}
}

@article{rosenblatt1958perceptron,
  title={The perceptron: a probabilistic model for information storage and organization in the brain.},
  author={Rosenblatt, Frank},
  journal={Psychological review},
  volume={65},
  number={6},
  pages={386},
  year={1958},
  publisher={American Psychological Association}
}
@misc{bhatia_2017, title={Is neural networks the greatest algorithm of all times}, url={https://www.analyticsindiamag.com/neural-networks-greatest-algorithm-times/}, journal={Analytics India Magazine}, author={Bhatia, Richa}, year={2017}, month={Apr}}

@article{kar2016bio,
  title={Bio inspired computing--A review of algorithms and scope of applications},
  author={Kar, Arpan Kumar},
  journal={Expert Systems with Applications},
  volume={59},
  pages={20--32},
  year={2016},
  publisher={Elsevier}
}

@article{reddy2019performance,
  title={Performance Analysis of Domestic Refrigerator Using Hydrocarbon Refrigerant Mixtures with ANN},
  author={Reddy, DV Raghunatha and Bhramara, P and Govindarajulu, K},
  journal={Numerical Heat Transfer and Fluid Flow: Select Proceedings of NHTFF 2018},
  pages={113},
  year={2019},
  publisher={Springer}
}
@article{santos2019assessing,
  title={Assessing the culture of fruit farmers from Calvillo, Aguascalientes, Mexico with an artificial neural network: An approximation of sustainable land management},
  author={Santos, Armando Lopez},
  journal={Environmental Science \& Policy},
  volume={92},
  pages={311--322},
  year={2019},
  publisher={Elsevier}
}

@article{banik2018led,
  title={LED color prediction using a boosting neural network model for a visual-MIMO system},
  author={Banik, Partha Pratim and Saha, Rappy and Kim, Ki-Doo},
  journal={Optics Communications},
  year={2018},
  publisher={Elsevier}
}
@article{rumelhart1986learning,
  title={Learning representations by back-propagating errors},
  author={Rumelhart, David E and Hinton, Geoffrey E and Williams, Ronald J},
  journal={nature},
  volume={323},
  number={6088},
  pages={533},
  year={1986},
  publisher={Nature Publishing Group}
}
@article{kingma2014adam,
  title={Adam: A method for stochastic optimization},
  author={Kingma, Diederik P and Ba, Jimmy},
  journal={arXiv preprint arXiv:1412.6980},
  year={2014}
}

@article{DBLP:journals/corr/Ruder16,
  author    = {Sebastian Ruder},
  title     = {An overview of gradient descent optimization algorithms},
  journal   = {CoRR},
  volume    = {abs/1609.04747},
  year      = {2016},
  url       = {http://arxiv.org/abs/1609.04747},
  archivePrefix = {arXiv},
  eprint    = {1609.04747},
  timestamp = {Mon, 13 Aug 2018 16:48:10 +0200},
  biburl    = {https://dblp.org/rec/bib/journals/corr/Ruder16},
  bibsource = {dblp computer science bibliography, https://dblp.org}
}

@misc{christopher_olah_2015, title={Understanding LSTM Networks}, url={http://colah.github.io/posts/2015-08-Understanding-LSTMs/}, journal={Understanding LSTM Networks -- colah's blog}, author={Christopher Olah}, year={2015}, month={Aug}}

@misc{cardellinoSBWCE,
     author = {Cardellino, Cristian},
     title = {Spanish {B}illion {W}ords {C}orpus and {E}mbeddings},
     url = {https://crscardellino.github.io/SBWCE/},
     month = {March},
     year = {2016}
}
